<?xml version="1.0" encoding="UTF-8"?><collection xmlns="http://www.loc.gov/MARC21/slim"><record><leader>00433nam--2200157-i-4500</leader><controlfield tag="001">000013973</controlfield><controlfield tag="002">20161230</controlfield><controlfield tag="005">20170128173931</controlfield><controlfield tag="008">060222s1000------------r-----000-0-eng-d</controlfield><datafield ind1=" " ind2=" " tag="080"><subfield code="a">62-2:621.9(075.8)</subfield></datafield><datafield ind1=" " ind2=" " tag="100"><subfield code="a">Chisu, Alexandru</subfield></datafield><datafield ind1=" " ind2=" " tag="245"><subfield code="a">Organe de masini. Editia II-a.revizuita si completata</subfield></datafield><datafield ind1=" " ind2=" " tag="260"><subfield code="a">Bucuresti</subfield><subfield code="b">Editura Didactica Si Pedagogica</subfield><subfield code="c">1981</subfield></datafield><datafield ind1=" " ind2=" " tag="300"><subfield code="a">775 p</subfield></datafield><datafield ind1=" " ind2=" " tag="852"><subfield code="a">49413</subfield></datafield><datafield ind1=" " ind2=" " tag="CAT"><subfield code="a">SYS</subfield><subfield code="c">20170128</subfield><subfield code="h">173931</subfield></datafield></record></collection>